<?xml version="1.0" encoding="UTF-8"?><record xmlns="http://www.loc.gov/MARC21/slim" xmlns:cinclude="http://apache.org/cocoon/include/1.0" xmlns:zs="http://www.loc.gov/zing/srw/">
  <leader>00523nz  a2200133n  4500</leader>
  <controlfield tag="001">n 2011026230</controlfield>
  <controlfield tag="003">DLC</controlfield>
  <controlfield tag="005">20110420074933.0</controlfield>
  <controlfield tag="008">110419n| acannaabn          |a aaa      </controlfield>
  <datafield tag="010" ind1=" " ind2=" ">
    <subfield code="a">n 2011026230</subfield>
  </datafield>
  <datafield tag="040" ind1=" " ind2=" ">
    <subfield code="a">DLC</subfield>
    <subfield code="b">eng</subfield>
    <subfield code="c">DLC</subfield>
  </datafield>
  <datafield tag="100" ind1="1" ind2=" ">
    <subfield code="a">González Ochoa, Alejandro,</subfield>
    <subfield code="d">1981-</subfield>
  </datafield>
  <datafield tag="400" ind1="1" ind2=" ">
    <subfield code="a">Ochoa, Alejandro González,</subfield>
    <subfield code="d">1981-</subfield>
  </datafield>
  <datafield tag="670" ind1=" " ind2=" ">
    <subfield code="a">Zoológicos urbanos, 2009:</subfield>
    <subfield code="b">t.p. (Alejandro González Ochoa) cover front flap (b. 1981 in Medellín, Colombia; journalist; radio station producer, Universidad Nacional de Colombia-Medellín)</subfield>
  </datafield>
</record>